@article{meyer2001eiffel,
  title={An Eiffel Tutorial},
  author={Meyer, Bertrand and Ayling, Rich},
  year={2001},
  publisher={Citeseer}
},
@misc{eiffelEssentials,
  author = {n.d.},
  title = {Eiffel: The Essentials},
  howpublished = {\url{http://se.inf.ethz.ch/courses/2013b_fall/eprog/additional_materials/eiffel_the_essentials.pdf}},
  note = {Online; Accessed 13-January-2014}
},
@misc{accessControlEiffel,
  author = {Ilinca Ciupa and Meyer, Bertrand},
  title = {Lecture 3: Language constructs for modularity and information hiding},
  howpublished = {\url{http://se.inf.ethz.ch/old/teaching/ss2007/0050/slides/03_softarch_info_hiding_lang_constr_6up.pdf}},
  year = {2007},
  note = {Online; Accessed 13-January-2014}
},
@misc{basicObjectDoc,
  author = {ruby-doc.org},
  title = {BasicObject Class},
  howpublished = {\url{http://ruby-doc.org/core-2.0/BasicObject.html}},
  note = {Online; Accessed 13-January-2014}
},
@misc{rubyAbout,
  author = {ruby-lang.org},
  title = {About Ruby},
  howpublished = {\url{http://www.ruby-lang.org/en/about/}},
  note = {Online; Accessed 13-January-2014}
},
@misc{wiki:uniform,
  author = {n.d.},
  title = {Uniform access principle--- {W}ikipedia{,} The Free Encyclopedia},
  year = {2013},
  month = {December},
  day = {3},
  howpublished = {\url{http://en.wikipedia.org/wiki/Uniform_access_principle}},
  note = {Online; Accessed 13-January-2014}
},
@misc{wiki:class,
  author = {n.d.},
  title = {Ruby {P}rogramming/{S}yntax/{C}lasses--- {W}ikibooks},
  year = {2013},
  month = {May},
  day = {5},
  howpublished = {\url{http://en.wikibooks.org/wiki/Ruby_Programming/Syntax/Classes}},
  note = {Online; Accessed 13-January-2014}
},
@article{thomas2001programming,
  title={Programming Ruby},
  author={Thomas, David and Hunt, Andrew},
  journal={Dr. Dobbâ€™s Journal},
  volume={5},
  year={2001}
},
@misc{wiki:duck,
  author = {n.d.},
  title = {Duck typing--- {W}ikipedia{,} The Free Encyclopedia},
  year = {2014},
  month = {January},
  day = {5},
  howpublished = {\url{http://en.wikipedia.org/wiki/Duck_typing}},
  note = {Online; Accessed 13-January-2014}
},
@misc{wiki:monkey,
  author = {n.d.},
  title = {Monkey patching--- {W}ikipedia{,} The Free Encyclopedia},
  year = {2013},
  month = {December},
  day = {14},
  howpublished = {\url{http://en.wikipedia.org/wiki/Monkey_patching}},
  note = {Online; Accessed 13-January-2014}
},
@misc{voidSafety,
  author = {n.d.},
  title = {Void-safe programming in Eiffel},
  howpublished = {\url{http://docs.eiffel.com/book/export/html/2200}},
  note ={Online; Accessed 13-January-2014}
},
@misc{wiki:metaclass,
  author = {n.d.},
  title = {Metaclass--- {W}ikipedia{,} The Free Encyclopedia},
  year = {2013},
  month = {December},
  day = {15},
  howpublished = {\url{http://en.wikipedia.org/wiki/Metaclass}},
  note = {Online; Accessed 13-January-2014}
},
 @misc{rubyMetaclass,
  author = {A. Sundararaja},
  title = {Metaclasses in Ruby and Smalltalk},
  year = {2006},
  month = {September},
  day = {21},
  howpublished = {\url{https://blogs.oracle.com/sundararajan/entry/metaclasses_in_ruby_and_smalltalk}},
  note = {Online; Accessed 13-January-2014}
}
 